<record><leader>00000cas a22000007a 4500</leader><controlfield tag="001">28304341</controlfield><controlfield tag="008">930621d1848184uctuwr ne      0    0eng d</controlfield><datafield ind1=" " ind2=" " tag="010"><subfield code="a">sn 93054008 </subfield></datafield><datafield ind1=" " ind2=" " tag="040"><subfield code="a">CNW</subfield><subfield code="b">eng</subfield><subfield code="c">CNW</subfield><subfield code="d">DLC</subfield><subfield code="d">OCL</subfield><subfield code="d">OCLCQ</subfield><subfield code="d">OCLCF</subfield><subfield code="d">OCLCO</subfield></datafield><datafield ind1=" " ind2=" " tag="042"><subfield code="a">msc</subfield></datafield><datafield ind1=" " ind2=" " tag="043"><subfield code="a">n-us-ct</subfield></datafield><datafield ind1="0" ind2=" " tag="130"><subfield code="a">Democratic Argus (West Killingly, Conn.)</subfield></datafield><datafield ind1="1" ind2="0" tag="245"><subfield code="a">Democratic Argus.</subfield></datafield><datafield ind1=" " ind2=" " tag="260"><subfield code="a">West Killingly [i.e. Killingly], Conn. :</subfield><subfield code="b">D.S. Ruddock</subfield></datafield><datafield ind1=" " ind2=" " tag="300"><subfield code="a">v.</subfield></datafield><datafield ind1=" " ind2=" " tag="310"><subfield code="a">Weekly</subfield></datafield><datafield ind1="1" ind2=" " tag="362"><subfield code="a">Began in 1848.</subfield></datafield><datafield ind1=" " ind2=" " tag="500"><subfield code="a">"A campaign paper.", &lt;Aug. 12, 1848&gt;.</subfield></datafield><datafield ind1=" " ind2=" " tag="588"><subfield code="a">Description based on: Vol. 1, no. 12 (Aug. 12, 1848).</subfield></datafield><datafield ind1=" " ind2="0" tag="651"><subfield code="a">Killingly (Conn. : Town)</subfield><subfield code="v">Newspapers.</subfield></datafield><datafield ind1=" " ind2="7" tag="655"><subfield code="a">Newspapers.</subfield><subfield code="2">fast</subfield><subfield code="0">(OCoLC)fst01423814</subfield></datafield><datafield ind1=" " ind2="7" tag="651"><subfield code="a">Connecticut</subfield><subfield code="z">Killingly (Town)</subfield><subfield code="2">fast</subfield><subfield code="0">(OCoLC)fst01331389</subfield></datafield><datafield ind1=" " ind2=" " tag="752"><subfield code="a">United States</subfield><subfield code="b">Connecticut</subfield><subfield code="c">Windham</subfield><subfield code="d">West Killingly.</subfield></datafield></record>